%
%  An example of a bibliographical database for bibTeX
%
%  Recommended software for maintenance of *.bib files:
%    JabRef, http://jabref.sourceforge.net/
%
%  BEWARE:
%
%    *  If a name contains a capital letter, which must be kept such,
%       use curly brackets ({T}hailand, {HIV}).
%
%  ===========================================================================

%%% Bibliography (literature used as a source)
%%%
%%% We employ bibTeX to construct the bibliography. It processes
%%% citations in the text (e.g., the \cite{...} macro) and looks up
%%% relevant entries in the bibliography.bib file.
%%%
%%% The \bibliographystyle command selects, which style will be used
%%% for references from the text. The argument in curly brackets is
%%% the name of the corresponding style file (*.bst). Both styles
%%% mentioned in this template are included in LaTeX distributions.

\bibliographystyle{plainnat}    %% Author (year)
% \bibliographystyle{unsrt}     %% [number]

\renewcommand{\bibname}{Bibliography}

%%% Generate the bibliography. Beware that if you cited no works,
%%% the empty list will be omitted completely.

\bibliography{bibliography}

@article{ney2000progress,
  title={Progress in dynamic programming search for LVCSR},
  author={Ney, Hermann and Ortmanns, Stefan},
  journal={Proceedings of the IEEE},
  volume={88},
  number={8},
  pages={1224--1240},
  year={2000},
  publisher={IEEE}
}

@incollection{lopes2011phoneme,
  title={Phoneme recognition on the TIMIT database},
  author={Lopes, Carla and Perdigao, Fernando},
  booktitle={Speech Technologies},
  year={2011},
  publisher={InTech}
}

@book{huang2001spoken,
  title={Spoken Language Processing: A Guide to Theory, Algorithm, and System Development},
  author={Huang, X. and Acero, A. and Hon, H.W.},
  isbn={9780130226167},
  lccn={00050196},
  url={https://books.google.cz/books?id=reZQAAAAMAAJ},
  year={2001},
  publisher={Prentice Hall PTR}
}

@inproceedings{schroder2006openmary,
  title={OpenMary-open source unit selection as the basis for research on expressive synthesis},
  author={Schr{\"o}der, Marc and Hunecke, Anna and Krstulovic, Sacha},
  booktitle={Blizzard Workshop},
  year={2006}
}

@inproceedings{aylett2007cerevoice,
  title={The cerevoice characterful speech synthesiser sdk},
  author={Aylett, Matthew P and Pidcock, Christopher J},
  booktitle={IVA},
  pages={413--414},
  year={2007}
}


@book{egan1948test,
  title={Articulation Testing Methods},
  author={Egan, J.},
  isbn={},
  lccn={},
  url={},
  year={1948},
  publisher={Laryngoscope}
}

@book{howard92test,
  title={SOAP, Speech Output Assessment Package},
  author={Howard-Jones, P.},
  isbn={},
  lccn={},
  url={},
  year={1992},
  publisher={}
}

@book{nye74test,
  title={The Intelligibility of Synthetic Monosyllabic Words in Short, Syn-
tactically Normal Sentences},
  author={Nye, P. and J. Gaitenby},
  isbn={},
  lccn={},
  url={},
  year={1974},
  publisher={Haskins Laboratories}
}

@book{acero99HMM,
  title={Formant Analysis and Synthesis Using Hidden Markov Models},
  author={Acero, A.},
  isbn={},
  lccn={},
  url={},
  year={1999},
  publisher={Eurospeech}
}

@inproceedings{tokuda2015,
title = {Directly Modeling Speech Waveforms by Neural Networks for Statistical Parametric Speech Synthesis},
author  = {Keiichi Tokuda and Heiga Zen},
year  = 2015,
booktitle = {Proceedings of the IEEE International Conference on Acoustics, Speech, and Signal Processing (ICASSP)},
pages = {4215--4219}
}

@book{taylor2009text,
  title={Text-to-Speech Synthesis},
  author={Taylor, P.},
  isbn={9781139477260},
  url={https://books.google.cz/books?id=T0O-NHZx7kIC},
  year={2009},
  publisher={Cambridge University Press}
}

@ARTICLE{2016arXiv160903499V,
   author = {{van den oord}, A. and {Dieleman}, S. and {Zen}, H. and {Simonyan}, K. and 
	{Vinyals}, O. and {Graves}, A. and {Kalchbrenner}, N. and {Senior}, A. and 
	{Kavukcuoglu}, K.},
    title = "{WaveNet: A Generative Model for Raw Audio}",
  journal = {ArXiv e-prints},
archivePrefix = "arXiv",
   eprint = {1609.03499},
 primaryClass = "cs.SD",
 keywords = {Computer Science - Sound, Computer Science - Learning},
     year = 2016,
    month = sep,
   adsurl = {http://adsabs.harvard.edu/abs/2016arXiv160903499V},
  adsnote = {Provided by the SAO/NASA Astrophysics Data System}
}

@inproceedings{harrison2009implementation,
  title={Implementation of an extended recognition network for mispronunciation detection and diagnosis in computer-assisted pronunciation training.},
  author={Harrison, Alissa M and Lo, Wai-Kit and Qian, Xiaojun and Meng, Helen},
  booktitle={SLaTE},
  pages={45--48},
  year={2009}
}


@inproceedings{ng2002spectral,
  title={On spectral clustering: Analysis and an algorithm},
  author={Ng, Andrew Y and Jordan, Michael I and Weiss, Yair},
  booktitle={Advances in neural information processing systems},
  pages={849--856},
  year={2002}
}
@article{bisani2008joint,
  title={Joint-sequence models for grapheme-to-phoneme conversion},
  author={Bisani, Maximilian and Ney, Hermann},
  journal={Speech Communication},
  volume={50},
  number={5},
  pages={434--451},
  year={2008},
  publisher={Elsevier}
}

@inproceedings{ratanamahatana2004everything,
  title={Everything you know about dynamic time warping is wrong},
  author={Ratanamahatana, Chotirat Ann and Keogh, Eamonn},
  booktitle={Third Workshop on Mining Temporal and Sequential Data},
  year={2004},
  organization={Citeseer}
}

@inproceedings{kubichek1993mel,
  title={Mel-cepstral distance measure for objective speech quality assessment},
  author={Kubichek, R},
  booktitle={Communications, Computers and Signal Processing, 1993., IEEE Pacific Rim Conference on},
  volume={1},
  pages={125--128},
  year={1993},
  organization={IEEE}
}

@article{frey2007clustering,
  title={Clustering by passing messages between data points},
  author={Frey, Brendan J and Dueck, Delbert},
  journal={science},
  volume={315},
  number={5814},
  pages={972--976},
  year={2007},
  publisher={American Association for the Advancement of Science}
}

@article{navarro2001guided,
  title={A guided tour to approximate string matching},
  author={Navarro, Gonzalo},
  journal={ACM computing surveys (CSUR)},
  volume={33},
  number={1},
  pages={31--88},
  year={2001},
  publisher={ACM}
}

@inproceedings{molau2001computing,
  title={Computing mel-frequency cepstral coefficients on the power spectrum},
  author={Molau, Sirko and Pitz, Michael and Schluter, Ralf and Ney, Hermann},
  booktitle={Acoustics, Speech, and Signal Processing, 2001. Proceedings.(ICASSP'01). 2001 IEEE International Conference on},
  volume={1},
  pages={73--76},
  year={2001},
  organization={IEEE}
}

@article{taylor1997ssml,
  title={SSML: A speech synthesis markup language},
  author={Taylor, Paul and Isard, Amy},
  journal={Speech communication},
  volume={21},
  number={1-2},
  pages={123--133},
  year={1997},
  publisher={Elsevier}
}

@inproceedings{deri2016grapheme,
  title={Grapheme-to-phoneme models for (almost) any language},
  author={Deri, Aliya and Knight, Kevin},
  booktitle={Proceedings of the 54th Annual Meeting of the Association for Computational Linguistics},
  volume={1},
  pages={399--408},
  year={2016}
}

@article{wang2017tacotron,
  title={Tacotron: A Fully End-to-End Text-To-Speech Synthesis Model},
  author={Wang, Yuxuan and Skerry-Ryan, RJ and Stanton, Daisy and Wu, Yonghui and Weiss, Ron J and Jaitly, Navdeep and Yang, Zongheng and Xiao, Ying and Chen, Zhifeng and Bengio, Samy and others},
  journal={arXiv preprint arXiv:1703.10135},
  year={2017}
}

@article{van2016wavenet,
  title={Wavenet: A generative model for raw audio},
  author={van den Oord, A{\"a}ron and Dieleman, Sander and Zen, Heiga and Simonyan, Karen and Vinyals, Oriol and Graves, Alex and Kalchbrenner, Nal and Senior, Andrew and Kavukcuoglu, Koray},
  journal={CoRR abs/1609.03499},
  year={2016}
}

@article{yao2015sequence,
  title={Sequence-to-sequence neural net models for grapheme-to-phoneme conversion},
  author={Yao, Kaisheng and Zweig, Geoffrey},
  journal={arXiv preprint arXiv:1506.00196},
  year={2015}
}

@inproceedings{schlippe2012grapheme,
  title={Grapheme-to-phoneme model generation for Indo-European languages},
  author={Schlippe, Tim and Ochs, Sebastian and Schultz, Tanja},
  booktitle={Acoustics, Speech and Signal Processing (ICASSP), 2012 IEEE International Conference on},
  pages={4801--4804},
  year={2012},
  organization={IEEE}
}

@article{kaplan1994regular,
  title={Regular models of phonological rule systems},
  author={Kaplan, Ronald M and Kay, Martin},
  journal={Computational linguistics},
  volume={20},
  number={3},
  pages={331--378},
  year={1994},
  publisher={MIT Press}
}

@book{sejnowski1988nettalk,
  title={NETtalk: A parallel network that learns to read aloud},
  author={Sejnowski, Terrence J and Rosenberg, Charles R},
  year={1988},
  publisher={MIT Press}
}


@inproceedings{slobada1996dictionary,
  title={Dictionary learning for spontaneous speech recognition},
  author={Slobada, Tilo and Waibel, Alex},
  booktitle={Spoken Language, 1996. ICSLP 96. Proceedings., Fourth International Conference on},
  volume={4},
  pages={2328--2331},
  year={1996},
  organization={IEEE}
}

@article{mcgraw2013learning,
  title={Learning lexicons from speech using a pronunciation mixture model},
  author={McGraw, Ian and Badr, Ibrahim and Glass, James R},
  journal={IEEE Transactions on Audio, Speech, and Language Processing},
  volume={21},
  number={2},
  pages={357--366},
  year={2013},
  publisher={IEEE}
}

@inproceedings{reddy2011learning,
  title={Learning from Mistakes: Expanding Pronunciation Lexicons Using Word Recognition Errors.},
  author={Reddy, Sravana and Gouv{\^e}a, Evandro B},
  booktitle={INTERSPEECH},
  pages={533--536},
  year={2011}
}


@inproceedings{van2008autonomata,
  title={The AUTONOMATA Spoken Names Corpus.},
  author={Van Den Heuvel, Henk and Martens, Jean-Pierre and D'hoore, Bart and D'hanens, Kristof and Konings, Nanneke},
  booktitle={LREC},
  year={2008}
}

@article{salvador2007toward,
  title={Toward accurate dynamic time warping in linear time and space},
  author={Salvador, Stan and Chan, Philip},
  journal={Intelligent Data Analysis},
  volume={11},
  number={5},
  pages={561--580},
  year={2007},
  publisher={IOS Press}
}

@incollection{mohri2009weighted,
  title={Weighted automata algorithms},
  author={Mohri, Mehryar},
  booktitle={Handbook of weighted automata},
  pages={213--254},
  year={2009},
  publisher={Springer}
}

@article{mohri1997finite,
  title={Finite-state transducers in language and speech processing},
  author={Mohri, Mehryar},
  journal={Computational linguistics},
  volume={23},
  number={2},
  pages={269--311},
  year={1997},
  publisher={MIT Press}
}

@article{mohri2002weighted,
  title={Weighted finite-state transducers in speech recognition},
  author={Mohri, Mehryar and Pereira, Fernando and Riley, Michael},
  journal={Computer Speech \& Language},
  volume={16},
  number={1},
  pages={69--88},
  year={2002},
  publisher={Elsevier}
}

@article{dedina1991pronounce,
  title={PRONOUNCE: a program for pronunciation by analogy},
  author={Dedina, Michael J and Nusbaum, Howard C},
  journal={Computer speech \& language},
  volume={5},
  number={1},
  pages={55--64},
  year={1991},
  publisher={Elsevier}
}

@inproceedings{lucassen1984information,
  title={An information theoretic approach to the automatic determination of phonemic baseforms},
  author={Lucassen, John and Mercer, Robert},
  booktitle={Acoustics, Speech, and Signal Processing, IEEE International Conference on ICASSP'84.},
  volume={9},
  pages={304--307},
  year={1984},
  organization={IEEE}
}

@article{besling1994heuristical,
  title={Heuristical and statistical methods for Grapheme-to-Phoneme conversion},
  author={Besling, Stefan},
  year={1994}
}

@inproceedings{meng1994phonological,
  title={Phonological parsing for reversible letter-to-sound/sound-to-letter generation},
  author={Meng, Helen M and Seneff, Stephanie and Zue, Victor W},
  booktitle={Acoustics, Speech, and Signal Processing, 1994. ICASSP-94., 1994 IEEE International Conference on},
  volume={2},
  pages={II--1},
  year={1994},
  organization={IEEE}
}


@incollection{waibel2000multilingual,
  title={Multilingual speech recognition},
  author={Waibel, Alex and Soltau, Hagen and Schultz, Tanja and Schaaf, Thomas and Metze, Florian},
  booktitle={Verbmobil: Foundations of Speech-to-Speech Translation},
  pages={33--45},
  year={2000},
  publisher={Springer}
}

@inproceedings{weng1997study,
  title={A study of multilingual speech recognition},
  author={Weng, Fuliang and Bratt, Harry and Neumeyer, Leonardo and Stolcke, Andreas},
  booktitle={Fifth European Conference on Speech Communication and Technology},
  year={1997}
}

@book{sproat1997multilingual,
  title={Multilingual text-to-speech synthesis},
  author={Sproat, Richard W},
  year={1997},
  publisher={KLUWER academic publishers}
}

@misc{miro2009multilingual,
  title={Multilingual text-to-speech system with limited resources},
  author={Miro, Xavier Anguera and Veprek, Peter and Junqua, Jean-claude},
  year={2009},
  month=sep # "~29",
  publisher={Google Patents},
  note={US Patent 7,596,499}
}

@article{hoerl1970ridge,
  title={Ridge regression: Biased estimation for nonorthogonal problems},
  author={Hoerl, Arthur E and Kennard, Robert W},
  journal={Technometrics},
  volume={12},
  number={1},
  pages={55--67},
  year={1970},
  publisher={Taylor \& Francis Group}
}

@inproceedings{sokolova2006beyond,
  title={Beyond accuracy, F-score and ROC: a family of discriminant measures for performance evaluation},
  author={Sokolova, Marina and Japkowicz, Nathalie and Szpakowicz, Stan},
  booktitle={Australian conference on artificial intelligence},
  volume={4304},
  pages={1015--1021},
  year={2006}
}

@article{cohen1968weighted,
  title={Weighted kappa: Nominal scale agreement provision for scaled disagreement or partial credit.},
  author={Cohen, Jacob},
  journal={Psychological bulletin},
  volume={70},
  number={4},
  pages={213},
  year={1968},
  publisher={American Psychological Association}
}

@article{hinton2012deep,
  title={Deep neural networks for acoustic modeling in speech recognition: The shared views of four research groups},
  author={Hinton, Geoffrey and Deng, Li and Yu, Dong and Dahl, George E and Mohamed, Abdel-rahman and Jaitly, Navdeep and Senior, Andrew and Vanhoucke, Vincent and Nguyen, Patrick and Sainath, Tara N and others},
  journal={IEEE Signal Processing Magazine},
  volume={29},
  number={6},
  pages={82--97},
  year={2012},
  publisher={IEEE}
}

@article{marchand2000multistrategy,
  title={A multistrategy approach to improving pronunciation by analogy},
  author={Marchand, Yannick and Damper, Robert I},
  journal={Computational Linguistics},
  volume={26},
  number={2},
  pages={195--219},
  year={2000},
  publisher={MIT Press}
}

@article{bagshaw1998phonemic,
  title={Phonemic transcription by analogy in text-to-speech synthesis: Novel word pronunciation and lexicon compression},
  author={Bagshaw, Paul C},
  journal={Computer Speech \& Language},
  volume={12},
  number={2},
  pages={119--142},
  year={1998},
  publisher={Elsevier}
}

@article{edgar2004muscle,
  title={MUSCLE: multiple sequence alignment with high accuracy and high throughput},
  author={Edgar, Robert C},
  journal={Nucleic acids research},
  volume={32},
  number={5},
  pages={1792--1797},
  year={2004},
  publisher={Oxford University Press}
}

%%% If case you prefer to write the bibliography manually (without bibTeX),
%%% you can use the following. Please follow the ISO 690 standard and
%%% citation conventions of your field of research.

% \begin{thebibliography}{99}
%
% \bibitem{lamport94}
%   {\sc Lamport,} Leslie.
%   \emph{\LaTeX: A Document Preparation System}.
%   2nd edition.
%   Massachusetts: Addison Wesley, 1994.
%   ISBN 0-201-52983-1.
%
% \end{thebibliography}

